<?xml version="1.0" encoding="UTF-8"?><collection xmlns="http://www.loc.gov/MARC21/slim"><record><leader>00509nam--2200181-i-4500</leader><controlfield tag="001">000005005</controlfield><controlfield tag="002">20161230</controlfield><controlfield tag="005">20161230201026</controlfield><controlfield tag="008">060222s1000------------r-----000-0-eng-d</controlfield><datafield ind1=" " ind2=" " tag="040"><subfield code="a">IFIN-HH</subfield></datafield><datafield ind1=" " ind2=" " tag="080"><subfield code="a">539.1.08:621.039.3</subfield></datafield><datafield ind1="1" ind2=" " tag="100"><subfield code="a">Overman, Ralph T</subfield></datafield><datafield ind1="1" ind2="0" tag="245"><subfield code="a">Radioisotope techniques</subfield><subfield code="c">Ralph t. overman, herbert m. clark</subfield></datafield><datafield ind1=" " ind2=" " tag="260"><subfield code="a">New York</subfield><subfield code="b">Mcgraw-hill Book Company, Inc</subfield><subfield code="c">1960</subfield></datafield><datafield ind1=" " ind2=" " tag="300"><subfield code="a">XIV + 476 P</subfield></datafield><datafield ind1="1" ind2=" " tag="700"><subfield code="a">Clark, Herbert M</subfield></datafield><datafield ind1=" " ind2=" " tag="852"><subfield code="a">15433</subfield><subfield code="c">539.163</subfield></datafield><datafield ind1=" " ind2=" " tag="CAT"><subfield code="a">Sys</subfield><subfield code="c">20120516</subfield><subfield code="h">152232</subfield></datafield></record></collection>